@book{hastie2009elements,
  title={The elements of statistical learning: data mining, inference, and prediction},
  author={Hastie, Trevor and Tibshirani, Robert and Friedman, Jerome},
  year={2009},
  publisher={Springer Science \& Business Media}
}

@article{efron1991compliance,
  title={Compliance as an explanatory variable in clinical trials},
  author={Efron, Bradley and Feldman, David},
  journal={Journal of the American Statistical Association},
  volume={86},
  number={413},
  pages={9--17},
  year={1991},
  publisher={Taylor \& Francis Group}
}

@article{breiman2001statistical,
  title={Statistical modeling: The two cultures (with comments and a rejoinder by the author)},
  author={Breiman, Leo and others},
  journal={Statistical Science},
  volume={16},
  number={3},
  pages={199--231},
  year={2001},
  publisher={Institute of Mathematical Statistics}
}

@article{mediratta2020derivation,
  title={Derivation and validation of a prognostic score for neonatal mortality in Ethiopia: a case-control study},
  author={Mediratta, Rishi P and Amare, Ashenafi Tazebew and Behl, Rasika and Efron, Bradley and Narasimhan, Balasubramanian and Teklu, Alemayehu and Shehibo, Abdulkadir and Ayalew, Mulugeta and Kache, Saraswati},
  journal={BMC Pediatrics},
  volume={20},
  number={1},
  pages={1--11},
  year={2020},
  publisher={BioMed Central}
}

@article{brinker2019deep,
  title={Deep neural networks are superior to dermatologists in melanoma image classification},
  author={Brinker, Titus J and Hekler, Achim and Enk, Alexander H and Berking, Carola and Haferkamp, Sebastian and Hauschild, Axel and Weichenthal, Michael and Klode, Joachim and Schadendorf, Dirk and Holland-Letz, Tim and others},
  journal={European Journal of Cancer},
  volume={119},
  pages={11--17},
  year={2019},
  publisher={Elsevier}
}

@article{ikram2010four,
  title={Four novel Loci (19q13, 6q24, 12q24, and 5q14) influence the microcirculation in vivo},
  author={Ikram, M Kamran and Xueling, Sim and Jensen, Richard A and Cotch, Mary Frances and Hewitt, Alex W and Ikram, M Arfan and Wang, Jie Jin and Klein, Ronald and Klein, Barbara EK and Breteler, Monique MB and others},
  journal={PLoS Genet},
  volume={6},
  number={10},
  pages={e1001184},
  year={2010},
  publisher={Public Library of Science}
}

@article{efron2011tweedie,
  title={Tweedieâ€™s formula and selection bias},
  author={Efron, Bradley},
  journal={Journal of the American Statistical Association},
  volume={106},
  number={496},
  pages={1602--1614},
  year={2011},
  publisher={Taylor \& Francis}
}


